<?xml version="1.0" encoding="UTF-8"?><collection xmlns="http://www.loc.gov/MARC21/slim"><record><leader>00586nam--2200205-u-4500</leader><controlfield tag="001">000050704</controlfield><controlfield tag="002">20161230</controlfield><controlfield tag="005">20161230201048</controlfield><controlfield tag="008">080319s1000------------r-----000-0-eng-d</controlfield><datafield ind1=" " ind2=" " tag="020"><subfield code="a">0-226-11616-6</subfield></datafield><datafield ind1=" " ind2=" " tag="040"><subfield code="a">IFIN-HH</subfield></datafield><datafield ind1=" " ind2=" " tag="080"><subfield code="a">316.42</subfield></datafield><datafield ind1="1" ind2=" " tag="100"><subfield code="a">Corning,Peter A</subfield></datafield><datafield ind1="1" ind2="0" tag="245"><subfield code="a">Holistic Darwinism. Synergy, Cybernetics and the Bioeconomics of Evolution</subfield></datafield><datafield ind1=" " ind2=" " tag="260"><subfield code="a">Chicago</subfield><subfield code="b">The Univ.of Chicago Press</subfield><subfield code="c">2005</subfield></datafield><datafield ind1=" " ind2=" " tag="300"><subfield code="a">546 p</subfield></datafield><datafield ind1=" " ind2=" " tag="504"><subfield code="a">Includes Bibliographical References and Index</subfield></datafield><datafield ind1=" " ind2="4" tag="650"><subfield code="a">Holistic Darwinism</subfield></datafield><datafield ind1=" " ind2=" " tag="852"><subfield code="c">316.42</subfield></datafield><datafield ind1=" " ind2=" " tag="CAT"><subfield code="a">Sys</subfield><subfield code="c">20080319</subfield><subfield code="h">133640</subfield></datafield></record></collection>